@Article{BarrettLiu1993,
  AUTHOR    = {J. Barrett and W. Liu},
  TITLE     = {Finite element approximation of the $p$-{L}aplacian},
  JOURNAL   = {Mathematics of Computation},
  VOLUME    = {61},
  NUMBER    = {204},
  PAGES     = {523--537},
  YEAR      = {1993},
}

@Article{Blumetal2004,
  author={Blum, H and Braess, D and Suttmeier, FT},
  title={A cascadic multigrid algorithm for variational inequalities},
  journal={Computing and Visualization in Science},
  volume={7},
  number={3},
  pages={153--157},
  year={2004},
}

@Book{Braess2007,
  AUTHOR    = {D. Braess},
  TITLE     = {Finite {E}lements: {T}heory, {F}ast {S}olvers, and
               {A}pplications in {E}lasticity {T}heory},
  EDITION   = {3rd},
  PUBLISHER = {Cambridge University Press},
  YEAR      = {2007}
}

@Article{BraessHackbusch1983,
  author={D. Braess and W. Hackbusch},
  title={A new convergence proof for the multigrid method including the {V}-cycle},
  journal={SIAM J. Numer. Anal.},
  volume={20},
  number={5},
  pages={967--975},
  year={1983},
}

@Article{BrandtCryer1983,
  AUTHOR    = {A. Brandt and C. Cryer},
  TITLE     = {Multigrid algorithms for the solution of linear complementarity
               problems arising from free boundary problems},
  JOURNAL   = {SIAM J. Sci. Stat. Comput.},
  VOLUME    = {4},
  NUMBER    = {4},
  PAGES     = {655--684},
  YEAR      = {1983},
}

@Book{Briggsetal2000,
  AUTHOR    = {W. Briggs and V. E. Henson and S. McCormick},
  TITLE     = {A {M}ultigrid {T}utorial},
  EDITION   = {2nd},
  PUBLISHER = {SIAM Press},
  ADDRESS   = {Philadelphia},
  YEAR      = {2000}
}

@Article{Bueler2016,
  author   = {E. Bueler},
  title    = {Stable finite volume element schemes for the shallow ice approximation},
  journal  = {J. Glaciol.},
  volume   = {62},
  number   = {232},
  pages    = {230--242},
  year     = {2016},
}

@Unpublished{Bueler2021conservation,
  author   = {E. Bueler},
  title    = {Conservation laws for free-boundary fluid layers},
  url      = {https://arxiv.org/abs/2007.05625},
  note     = {to appear in SIAM J.~Appl.~Math.},
  year     = {2021},
}

@Book{Bueler2021,
  AUTHOR    = {E. Bueler},
  TITLE     = {{PETSc} for {P}artial {D}ifferential {E}quations: {N}umerical {S}olutions in {C} and {P}ython},
  PUBLISHER = {SIAM Press},
  ADDRESS   = {Philadelphia},
  YEAR      = {2021}
}

@Unpublished{BuelerMitchell2022,
  author   = {E. Bueler and L. Mitchell},
  title    = {Multilevel computation of glacier geometry from {S}tokes dynamics},
  note     = {in preparation},
  year     = {2022},
}

@Article{Bueleretal2005,
  author	= {E. Bueler and C. S. Lingle and J. A. Kallen-Brown and D.
		       N. Covey and L. N. Bowman},
  title		= {Exact solutions and verification of numerical models for isothermal
		       ice sheets},
  journal	= {J. Glaciol.},
  volume	= {51},
  number	= {173},
  pages		= {291--306},
  year		= {2005},
}

@Article{Calvoetal2002,
  author  = {N. Calvo and others},
  title   = {On a doubly nonlinear parabolic obstacle problem modelling
             ice sheet dynamics},
  year    = {2002},
  journal = {SIAM J. Appl. Math.},
  volume  = {63},
  number  = {2},
  pages   = {683--707},
}

@Article{ChoeLewis1991,
  author={H. J. Choe and J. L. Lewis},
  title={On the obstacle problem for quasilinear elliptic equations of $p$-{L}aplacian type},
  journal={SIAM J. Math. Anal.},
  volume={22},
  number={3},
  pages={623--638},
  year={1991},
}

@Book{Ciarlet2002,
  AUTHOR    = {P. Ciarlet},
  TITLE     = {The {F}inite {E}lement {M}ethod for {E}lliptic {P}roblems},
  NOTE      = {Reprint of the 1978 original},
  PUBLISHER = {SIAM Press},
  ADDRESS   = {Philadelphia},
  YEAR      = {2002},
}

@Book{DiBenedetto2012,
  author={E. DiBenedetto},
  title={Degenerate {P}arabolic {E}quations},
  year={2012},
  publisher={Springer-Verlag}
}

@Book{Elmanetal2014,
  AUTHOR    = {H. C. Elman and D. J. Silvester and A. J. Wathen},
  TITLE     = {Finite {E}lements and {F}ast {I}terative {S}olvers: with
               {A}pplications in {I}ncompressible {F}luid {D}ynamics},
  EDITION   = {2nd},
  PUBLISHER = {Oxford University Press},
  ADDRESS   = {Oxford, UK},
  YEAR      = {2014},
}

@Book{Evans2010,
  AUTHOR    = {L. C. Evans},
  TITLE     = {Partial {D}ifferential {E}quations},
  SERIES    = {Graduate Studies in Mathematics},
  PUBLISHER = {American Mathematical Society},
  ADDRESS   = {Providence},
  EDITION   = {2nd},
  YEAR      = {2010},
}

@article{Farrelletal2021,
  title={{PCPATCH}: {S}oftware for the topological construction of multigrid relaxation methods},
  author={Farrell, P. E and Knepley, M. G and Mitchell, L. and Wechsung, F.},
  journal={ACM Transactions on Mathematical Software (TOMS)},
  volume={47},
  number={3},
  pages={1--22},
  year={2021},
}

@Article{GraeserKornhuber2009,
  AUTHOR    = {C. Gr{\"a}ser and R. Kornhuber},
  TITLE     = {Multigrid methods for obstacle problems},
  JOURNAL   = {J. Comput. Math.},
  PAGES     = {1--44},
  YEAR      = {2009},
}

@Book{Greenbaum1997,
  AUTHOR    = {A. Greenbaum},
  TITLE     = {Iterative {M}ethods for {S}olving {L}inear {S}ystems},
  PUBLISHER = {SIAM Press},
  ADDRESS   = {Philadelphia},
  YEAR      = {1997},
}

@Book{GreveBlatter2009,
  AUTHOR    = {R. Greve and H. Blatter},
  TITLE     = {Dynamics of {I}ce {S}heets and {G}laciers},
  SERIES    = {Advances in Geophysical and Environmental Mechanics and
               Mathematics},
  PUBLISHER = {Springer},
  ADDRESS   = {Berlin, Germany},
  YEAR      = {2009},
}

@Article{Huybrechtsetal1996,
  title={The {EISMINT} benchmarks for testing ice-sheet models},
  author={P. Huybrechts and T. Payne and others},
  journal={Ann. Glaciol.},
  volume={23},
  pages={1--12},
  year={1996},
}

@Book{Johnson2009,
  author={C. Johnson},
  title={Numerical {S}olution of {P}artial {D}ifferential {E}quations
         by the {F}inite {E}lement {M}ethod},
  year={2009},
  publisher={Dover Publications},
}

@Article{JouvetBueler2012,
  author	= {G. Jouvet and E. Bueler},
  title		= {Steady, shallow ice sheets as obstacle problems: well-posedness and finite element approximation},
  journal	= {SIAM J. Appl. Math.},
  volume	= {72},
  number	= {4},
  pages		= {1292--1314},
  year		= {2012},
}

@Article{Jouvetetal2013,
  author={G. Jouvet and E. Bueler and C. Gr{\"a}ser and R. Kornhuber},
  title={A nonsmooth {N}ewton multigrid method for a hybrid, shallow model of marine ice sheets},
  journal={Contemporary Mathematics},
  volume={586},
  pages={197--205},
  url = {http://dx.doi.org/10.1090/conm/586/11657},
  year={2013},
  publisher={American Mathematical Society},
}

@Article{JouvetGraeser2013,
  author={G. Jouvet and C. Gr{\"a}ser},
  title={An adaptive {N}ewton multigrid method for a model of marine ice sheets},
  journal={J. Comput. Physics},
  volume={252},
  pages={419--437},
  year={2013},
}

@Book{Kelley2003,
  AUTHOR    = {Kelley, C.},
  TITLE     = {Solving {N}onlinear {E}quations with {N}ewton's {M}ethod},
  PUBLISHER = {SIAM Press},
  ADDRESS   = {Philadelphia},
  YEAR      = {2003},
}

@Book{KinderlehrerStampacchia1980,
  AUTHOR    = {D. Kinderlehrer and G. Stampacchia},
  TITLE     = {An {I}ntroduction to {V}ariational {I}nequalities and
               their {A}pplications},
  PUBLISHER = {Academic Press},
  ADDRESS   = {New York},
  YEAR      = {1980},
}

@Article{Mahaffy1976,
    AUTHOR = {M. W. Mahaffy},
     TITLE = {A three--dimensional numerical model of ice sheets: tests on the
              {B}arnes {I}ce {C}ap, {N}orthwest {T}erritories},
   JOURNAL = {J. Geophys. Res.},
    VOLUME = {81},
    NUMBER = {6},
     PAGES = {1059--1066},
      YEAR = {1976},
}

@Article{Morlighemetal2017,
author = {Morlighem, M. and others},
title = {{BedMachine v3: Complete bed topography and ocean bathymetry mapping of Greenland from multibeam echo sounding combined with mass conservation}},
journal = {Geophysical Research Letters},
volume = {44},
number = {21},
pages = {11,051-11,061},
doi = {https://doi.org/10.1002/2017GL074954},
year = {2017},
}

@Article{Neuss1998,
  author={N. Neuss},
  title={V-cycle convergence with unsymmetric smoothers and application to an anisotropic model problem},
  journal={SIAM J. Numer. Anal.},
  volume={35},
  number={3},
  pages={1201--1212},
  year={1998},
}

@Article {SchoofHewitt2013,
  AUTHOR    = {C. Schoof and I. J. Hewitt},
  TITLE     = {Ice-sheet dynamics},
  JOURNAL   = {Annu. Rev. Fluid Mech.},
  VOLUME    = {45},
  PAGES     = {217--239},
  YEAR      = {2013},
}

@article{Tai2003,
  author={Tai, X.-C.},
  title={Rate of convergence for some constraint decomposition methods for nonlinear variational inequalities},
  journal={Numer. Math.},
  volume={93},
  number={4},
  pages={755--786},
  year={2003},
}

@Book{Trottenbergetal2001,
  AUTHOR    = {U. Trottenberg and C. W. Oosterlee and A. Schuller},
  TITLE     = {Multigrid},
  PUBLISHER = {Elsevier},
  ADDRESS   = {Oxford, UK},
  YEAR      = {2001},
}

@Book{vanderVeen2013,
  AUTHOR    = {C. van der Veen},
  TITLE     = {Fundamentals of {G}lacier {D}ynamics},
  EDITION   = {2nd},
  PUBLISHER = {CRC Press},
  YEAR      = {2013},
}

@Article{Winkelmannetal2011,
AUTHOR = {Winkelmann, R. and Martin, M. A. and Haseloff, M. and Albrecht, T. and Bueler, E. and Khroulev, C. and Levermann, A.},
TITLE = {The {P}otsdam {P}arallel {I}ce {S}heet {M}odel ({PISM-PIK}) {P}art 1: {M}odel description},
JOURNAL = {The Cryosphere},
VOLUME = {5},
YEAR = {2011},
PAGES = {715--726},
}

@Article{Xu1992,
  author={Xu, J.},
  title={Iterative methods by space decomposition and subspace correction},
  journal={SIAM Rev.},
  volume={34},
  number={4},
  pages={581--613},
  year={1992},
}
